<?xml version="1.0" encoding="UTF-8"?><collection xmlns="http://www.loc.gov/MARC21/slim"><record><leader>00582nam--2200193-i-4500</leader><controlfield tag="001">000017374</controlfield><controlfield tag="002">20161230</controlfield><controlfield tag="005">20161230201032</controlfield><controlfield tag="008">060222s1000------------r-----000-0-rum-d</controlfield><datafield ind1=" " ind2=" " tag="040"><subfield code="a">IFIN-HH</subfield></datafield><datafield ind1=" " ind2=" " tag="041"><subfield code="a">rum</subfield></datafield><datafield ind1=" " ind2=" " tag="080"><subfield code="a">544.53(043)</subfield></datafield><datafield ind1="1" ind2=" " tag="100"><subfield code="a">Ponta, Corneliu Catalin R</subfield></datafield><datafield ind1="1" ind2="0" tag="245"><subfield code="a">Hidrogeluri fabricate prin iradiere cu aplicatii practice</subfield><subfield code="b">Teza</subfield><subfield code="c">Corneliu catalin r. ponta</subfield></datafield><datafield ind1=" " ind2=" " tag="260"><subfield code="a">Bucuresti</subfield><subfield code="b">Universitatea Politehnica</subfield><subfield code="c">1998</subfield></datafield><datafield ind1=" " ind2=" " tag="300"><subfield code="a">155p</subfield></datafield><datafield ind1=" " ind2=" " tag="502"><subfield code="a">Conducator Stiintific: Prof. Dr. Iulia I. Georgescu</subfield></datafield><datafield ind1=" " ind2=" " tag="852"><subfield code="a">80899</subfield><subfield code="c">54</subfield></datafield><datafield ind1=" " ind2=" " tag="CAT"><subfield code="a">Sys</subfield><subfield code="c">20110405</subfield><subfield code="h">142638</subfield></datafield></record></collection>